
% sec2: existing

@misc{amazon-www,
	author 			= {{Amazon Web Services, Inc.}},
	title 			= {Amazon Simple Storage Service},
	howpublished 	= {\url{http://aws.amazon.com/s3/}}
}

@misc{riak-www,
	author 			= {{Basho Technologies, Inc.}},
	title 			= {Riak Cloud Storage},
	howpublished 	= {\url{http://basho.com/riak-cloud-storage/}}
}

@misc{ceph-www,
	author 			= {{Inktank Storage, Inc.}},
	title 			= {Ceph},
	howpublished 	= {\url{http://ceph.com/}}
}

@misc{swift-www,
	author 			= {{OpenStack Foundation}},
	title 			= {Swift},
	howpublished 	= {\url{http://docs.openstack.org/developer/swift/}}
}

% sec2:

@misc{amazon-s3,
	author 			= {{Amazon Web Services, Inc.}},
	title 			= {Working with Amazon S3 Objects},
	howpublished 	= {\url{http://docs.aws.amazon.com/AmazonS3/latest/dev/UsingObjects.html}}
}

@misc{amazon-rest,
	author 			= {{Amazon Web Services, Inc.}},
	title 			= {REST API},
	howpublished 	= {\url{http://docs.aws.amazon.com/AmazonS3/latest/API/APIRest.html}}
}

@misc{riak-core-www,
	author 			= {{Basho Technologies, Inc.}},
	title 			= {Riak},
	howpublished 	= {\url{http://basho.com/riak/}}
}

@misc{mongo-www,
	author 			= {{MongoDB, Inc.}},
	title 			= {MongoDB},
	howpublished 	= {\url{http://www.mongodb.org/}}
}


% sec3:

@misc{snowflake,
	author 			= {{Twitter, Inc.}},
	title 			= {Announcing Snowflake},
	howpublished 	= {\url{https://blog.twitter.com/2010/announcing-snowflake}}
}

@misc{sqlite-www,
	author 			= {Dwayne Richard Hipp},
	title 			= {SQLite3},
	howpublished 	= {\url{https://www.sqlite.org}}
}

@misc{sqlite-perf,
	author 			= {Dwayne Richard Hipp},
	title 			= {Database Speed Comparison},
	howpublished 	= {\url{https://www.sqlite.org/speed.html}}
}

@misc{otp-www,
	author 			= {{Ericsson AB}},
	title 			= {OTP Design Principles},
	howpublished 	= {\url{http://www.erlang.org/doc/design_principles/des_princ.html}}
}

@misc{otp-lyse,
	author 			= {{Learn you some erlang}},
	title 			= {What is OTP},
	howpublished 	= {\url{http://learnyousomeerlang.com/what-is-otp}}
}

% sec4: dev tools

@misc{github-www,
	author 			= {{GitHub, Inc.}},
	title 			= {GitHub},
	howpublished 	= {\url{https://github.com}}
}

@misc{paradigm-www,
	author 			= {{Visual Paradigm International}},
	title 			= {Visual Paradigm for UML},
	howpublished 	= {\url{http://www.visual-paradigm.com/}}
}

@misc{visio-www,
	author 			= {{Microsoft}},
	title 			= {Microsoft Visio 2013},
	howpublished 	= {\url{http://products.office.com/en-us/visio}}
}

@misc{fprof-www,
	author 			= {{Ericsson AB}},
	title 			= {fprof},
	howpublished 	= {\url{http://erlang.org/doc/man/fprof.html}}
}

@misc{grind-www,
	author 			= {{Josef Weidendorfer}},
	title 			= {{KCachegrind}},
	howpublished 	= {\url{http://kcachegrind.sourceforge.net/html/Home.html}}
}

@misc{mathematica-www,
	author 			= {{Wolfram}},
	title 			= {Mathematica 10},
	howpublished 	= {\url{http://www.wolfram.com/mathematica/}}
}


% sec5:

@inproceedings{cgw14,
  author       = {Michał Liszcz and Wojciech Baszczyk and Włodzimierz Funika},
  title        = {Towards a Decentralized Distributed Storage System},
  booktitle    = {Proceedings of Cracow Grid Workshop},
  pages        = {31 - 32},
  organization = {ACC CYFRONET AGH},
  editor       = {Marian Bubak and Michał Turała and Kazimierz Wiatr},
  year         = {2014},
  month        = {October},
}


% misc:

@inproceedings{hmac-art,
	author 		= {Mihir Bellare and Ran Canetti and Hugo Krawczyk},
	title 		= {Keying hash functions for message authentication},
	booktitle 	= {Advances in Cryptology - Crypto 96 Proceedings},
	year 		= {1996},
	month 		= {June}
}

@misc{genetic-wiki,
	author 			= {{en.wikipedia.org}},
	title 			= {Genetic algorithm},
	howpublished 	= {\url{http://en.wikipedia.org/wiki/Genetic_algorithm#Related_fields}}
}
